%%%%%%%%%%%%%%%%%%%
SM / Higgs / QFT
%%%%%%%%%%%%%%%%%%%
@book{Peskin,
    author = {Peskin M.E. and Schroder D.V.},
    publisher = {Addison-Wesley Publishing Company},
    title= {An Introduction to Quantum Field Theory},
    year = {1996}
}

@book{Griffiths,
	author = {Griffiths, D.},
	publisher = {Wiley~VCH},
	title= {Introduction to Elementary Particles},
	year = {2008}
}

@misc{Nikhef,
    author  = {Marcel Merk et. al.},
    title       = {Lectures on the Electroweak part of the Standard Model},
    note        = {https://www.nikhef.nl/~wouterh/teaching/PP1/LectureNotes.pdf}
}

%%%%%%%%%%%%%%%%%%%
CMS / LHC / Detector Specifications
%%%%%%%%%%%%%%%%%%%
@article{TDR,
    author  = {CMS Collaboration},
    title           = "{CMS Physics: Technical Design Report Volume 1: Detector Performance and Software}",
    publisher  = "CERN",
    address    = "Geneva",
    series        = "Technical Design Report CMS",
    year            = "2006",
    note            = "There is an error on cover due to a technical problem for some items",
}

@article{CMSExperiment,
    author  = {The CMS Collaboration},
    title       = {The CMS experiment at the CERN LHC},
    journal = {Journal of Instrumentation},
    volume  = {3},
    number  = {08},
    pages   = {S08004},
    url     = {http://stacks.iop.org/1748-0221/3/i=08/a=S08004},
    year        = {2008},
}

@article{ATLASExperiment,
    author  = {The ATLAS Collaboration},
    title       = {The ATLAS experiment at the CERN LHC},
    journal = {Journal of Instrumentation},
    volume  = {3},
    number  = {08},
    pages={S08003},
    url={http://stacks.iop.org/1748-0221/3/i=08/a=S08003},
    year        = {2008},
}

@article{LHCbExperiment,
    author  = {The LHCb Collaboration},
    title       = {The LHCb experiment at the CERN LHC},
    journal = {Journal of Instrumentation},
    volume  = {3},
    number  = {08},
    pages={S08005},
    url={http://stacks.iop.org/1748-0221/3/i=08/a=S08005},
    year        = {2008},
}

@article{ALICEExperiment,
    author  = {The ALICE Collaboration},
    title={The ALICE experiment at the CERN LHC},
    journal={Journal of Instrumentation},
    volume={3},
    number={08},
    pages={S08002},
    url={http://stacks.iop.org/1748-0221/3/i=08/a=S08002},
    year={2008},
}

@article{lhcMachine,
    author      = {Evans, L. and Bryant, P.},
    title           = {{LHC} Machine},
    journal     = {Journal of Instrumentation},
    volume      = {3},
    number      = {08},
    pages       = {S08001},
    year            = {2008},
}

@misc{github,
    author  = {CMSSW},
    title       = {GitHub Repository},
    note        = {\url{https://github.com/cms-sw/cmssw}  [Accessed:2014-7-3]}
}

@book{HCAL,
      title             = "{The CMS hadron calorimeter project: Technical Design Report}",
      publisher     = "CERN",
      collaboration = "CMS Collaboration",
      address       = "Geneva",
      series            = "Technical Design Report CMS",
      year              = "1997",
}

@book{ECAL,
      title             = "{The CMS Electromagnetic Calorimeter Technical Design Report}",
      publisher     = "CERN",
      collaboration = "CMS Collaboration",
      address       = "Geneva",
      series            = "Technical Design Report CMS",
      year              = "1997",
}

@book{Tracker,
      title             = "{The CMS Tracker Project: Technical Design Report}",
      publisher     = "CERN",
      collaboration = "CMS Collaboration",
      address       = "Geneva",
      series            = "Technical Design Report CMS",
      year              = "1998",
}

@book{Muon,
      title             = "{The CMS muon project : Technical Design Report}",
      publisher     = "CERN",
      collaboration = "CMS Collaboration",
      address       = "Geneva",
      series            = "Technical Design Report CMS",
      year              = "1998",
}

@book{L1Trigger,
      title             = "{The CMS Technical Design Report for the Level-1 Trigger Upgrade}",
      publisher     = "CERN",
      collaboration = "CMS Collaboration",
      address       = "Geneva",
      series            = "Technical Design Report CMS",
      year              = "2013",
}

@book{HLTrigger,
      title             = "{CMS The TriDAS Project : Technical Design Report, Volume 2: Data Acquisition and High-Level Trigger}",
      publisher     = "CERN",
      collaboration = "CMS Collaboration",
      address       = "Geneva",
      series            = "Technical Design Report CMS",
      year              = "2002",
}

%%%%%%%%%%%%%%%%%%%
Higgs Physics
%%%%%%%%%%%%%%%%%%%

@article{Nason:2004rx,
      author         = "Nason, Paolo",
      title          = "{A New method for combining NLO QCD with shower Monte
                        Carlo algorithms}",
      journal        = "JHEP",
      volume         = "11",
      year           = "2004",
      pages          = "040",
      doi            = "10.1088/1126-6708/2004/11/040",
      eprint         = "hep-ph/0409146",
      archivePrefix  = "arXiv",
      primaryClass   = "hep-ph",
      reportNumber   = "BICOCCA-FT-04-11",
      SLACcitation   = "%%CITATION = HEP-PH/0409146;%%"
}

@article{Alwall:2011uj,
      author         = "Alwall, Johan and Herquet, Michel and Maltoni, Fabio and
                        Mattelaer, Olivier and Stelzer, Tim",
      title          = "{MadGraph 5 : Going Beyond}",
      journal        = "JHEP",
      volume         = "06",
      year           = "2011",
      pages          = "128",
      doi            = "10.1007/JHEP06(2011)128",
      eprint         = "1106.0522",
      archivePrefix  = "arXiv",
      primaryClass   = "hep-ph",
      reportNumber   = "FERMILAB-PUB-11-448-T",
      SLACcitation   = "%%CITATION = ARXIV:1106.0522;%%"
}

@article{Sjostrand:2007gs,
      author         = "Sjostrand, Torbjorn and Mrenna, Stephen and Skands, Peter
                        Z.",
      title          = "{A Brief Introduction to PYTHIA 8.1}",
      journal        = "Comput. Phys. Commun.",
      volume         = "178",
      year           = "2008",
      pages          = "852-867",
      doi            = "10.1016/j.cpc.2008.01.036",
      eprint         = "0710.3820",
      archivePrefix  = "arXiv",
      primaryClass   = "hep-ph",
      reportNumber   = "CERN-LCGAPP-2007-04, LU-TP-07-28,
                        FERMILAB-PUB-07-512-CD-T",
      SLACcitation   = "%%CITATION = ARXIV:0710.3820;%%"
}

@TECHREPORT{CMS-PAS-PFT-10-002,
      title          = "{Commissioning of the Particle-Flow reconstruction in
                        Minimum-Bias and Jet Events from pp Collisions at 7 TeV}",
      collaboration  = "CMS",
      year           = "2010",
      Number         = "CMS-PAS-PFT-10-002",
      URL            = "http://cds.cern.ch/record/1279341",
      SLACcitation   = "%%CITATION = CMS-PAS-PFT-10-002;%%"
}

@article{Chatrchyan:2012xi,
      author         = "Chatrchyan, Serguei and others",
      title          = "{Performance of CMS muon reconstruction in $pp$ collision
                        events at $\sqrt{s}=7$ TeV}",
      collaboration  = "CMS",
      journal        = "JINST",
      volume         = "7",
      year           = "2012",
      pages          = "P10002",
      doi            = "10.1088/1748-0221/7/10/P10002",
      eprint         = "1206.4071",
      archivePrefix  = "arXiv",
      primaryClass   = "physics.ins-det",
      reportNumber   = "CMS-MUO-10-004, CERN-PH-EP-2012-173",
      SLACcitation   = "%%CITATION = ARXIV:1206.4071;%%"
}

@Article{Cacciari:2008gp,
     AUTHOR    = "Cacciari, Matteo and Salam, Gavin P. and Soyez, Gregory",
     TITLE     = "The anti-$k_t$ jet clustering algorithm",
     JOURNAL   = "JHEP",
     VOLUME    = "04",
     YEAR      = "2008",
     PAGES     = "063",
     doi       = "10.1088/1126-6708/2008/04/063",
     eprint         = "0802.1189",
     archivePrefix  = "arXiv",
     primaryClass   = "hep-ex",
}

@article{Chatrchyan:2012jua,
      author         = "Chatrchyan, Serguei and others",
      title          = "{Identification of b-quark jets with the CMS experiment}",
      collaboration  = "CMS",
      journal        = "JINST",
      volume         = "8",
      year           = "2013",
      pages          = "P04013",
      doi            = "10.1088/1748-0221/8/04/P04013",
      eprint         = "1211.4462",
      archivePrefix  = "arXiv",
      primaryClass   = "hep-ex",
      reportNumber   = "CMS-BTV-12-001, CERN-PH-EP-2012-262",
      SLACcitation   = "%%CITATION = ARXIV:1211.4462;%%"
}

@misc{CMSMuonPOG,
    author  = {CMS Muon POG},
    title       = {CMS Muon Physics Object Group},
    note        = {https://twiki.cern.ch/twiki/bin/viewauth/CMS/MuonPOG}
}

@misc{CMSMuonId,
    author  = {CMS Muon POG},
    title       = {CMS Muon POG Recommendations},
    note        = {https://twiki.cern.ch/twiki/bin/view/CMS/SWGuideMuonIdRun2}
}

@misc{CMSRochesterCorrections,
    author  = {CMS},
    title       = {CMS Rochester Corrections},
    note        = {https://twiki.cern.ch/twiki/bin/viewauth/CMS/RochcorMuon}
}

@misc{CMSKalmanCorrections,
    author  = {CMS},
    title       = {CMS Kalman Corrections},
    note        = {https://twiki.cern.ch/twiki/bin/view/CMS/MuonScaleResolKalman}
}

@Article{ROOT,
    AUTHOR = "Rene Brun and Fons Rademakers",
    TITLE = "{ROOT} - An {Object} {Oriented} {Data} {Analysis} {Framework}",
    JOURNAL = "Nuclear Instruments and Methods in Physics Research",
    YEAR = "1996"
}

@TECHREPORT{CMS-PAS-HIG-13-001,
      AUTHOR      = "{CMS Collaboration}",
      COLLABORATION = {CMS},
      TITLE       = "Updated measurements of the Higgs boson at 125 GeV in the two photon decay channel",
      URL         = "https://cds.cern.ch/record/1530524",
      TYPE     = "CMS Physics Analysis Summary",
      NUMBER      = "CMS-PAS-JME-10-003",
      YEAR        = "2013"
}

@misc{CMSRooMultiPdf,
    author  = {CMS},
    title       = {CMS RooMultiPdf},
    note        = {https://twiki.cern.ch/twiki/bin/view/CMS/HiggsWG/SWGuideNonStandardCombineUses}
}

@article{YR4,
      author         = "de Florian, D. and others",
      title          = "{Handbook of LHC Higgs Cross Sections: 4. Deciphering the
                        Nature of the Higgs Sector}",
      collaboration  = "LHC Higgs Cross Section Working Group",
      year           = "2016",
      eprint         = "1610.07922",
      archivePrefix  = "arXiv",
      primaryClass   = "hep-ph",
      reportNumber   = "FERMILAB-FN-1025-T",
      SLACcitation   = "%%CITATION = ARXIV:1610.07922;%%"
}

%%%%%%%%%%%%%%%%%%%%%%%%%%%%%%%
%%%%%%%%%%%%%%%%%%%%%%%%%%%%%%%
Below is from James
%%%%%%%%%%%%%%%%%%%%%%%%%%%%%%%
%%%%%%%%%%%%%%%%%%%%%%%%%%%%%%%

@book{dodd,
	author = {Coughlan, G.D. and Dodd, J.E.},
	publisher={Cambridge University Press},
	title={The ideas of particle physics},
	year={1991}
}

@book{quarksLeptons,
	author = {Halzen, F. and Martin, A. D.},
	publisher={John Wiley \& Sons},
	title={Quarks and Leptons: An Introductory Course in Modern Particle Physics},
	year={1984}
}

@article{millikan,
	title = {Einstein's Photoelectric Equation and Contact Electromotive Force},
	author = {Millikan, R. A.},
	journal = {Phys. Rev.},
	volume = {7},
	issue = {1},
	pages = {18--32},
	numpages = {0},
	year = {1916},
	month = {Jan},
	publisher = {American Physical Society},
	doi = {10.1103/PhysRev.7.18},
	url = {http://link.aps.org/doi/10.1103/PhysRev.7.18}
}


@article{Neutrino,
	author = {Reines, F. and Cowan, C. L. Jr.,},
	journal = {Physical Review},
	volume = {92},
	pages = {830},
	title={Detection of the Free Neutrino},
	year={1953}
}

@article{NeutrinoANL,
	title = {The {Reines}-{Cowan} Experiments, Detecting the Poltergeist},
	journal = {Los Alamos Science},
	year = {1997},
	number = {25}
}

@article{LeptonNumber,
	author = {E. J. Konopinski and H. M. Mahmoud},
	journal = {Physical Review},
	volume = {92},
	number = {4},
	pages = {1045},
	year = {1953},
	title = {The Universal {Fermi} Interaction}
}

@article{MuonNumber,
	author = {L. M. Lederman, and others},
	journal = {Physical Review Letters},
	volume = {9},
	number = {1},
	pages = {36},
	year = {1962},
	title = {Observation of high-energy neutrino reactions and the existence of two kinds of neutrinos}
}

@book{eightFold,
	author = {Gell-Mann, M. and Ne'Eman, Y.},
	publisher={W. A. Benjamin},
	title={The Eightfold Way},
	year={1964}
}

@article{eightFold2,
	author={Gell-Mann, M.},
	publisher={not published},
	title={The Eightfold Way: A Theory of Strong Interaction Symmetry},
	year={1961}
}


@article{higgs,
	author={J. Elias-Miro and others},
	publisher={arXiv:1112.3022 [hep-ph]},
	title={Higgs mass implications on the stability of the electroweak vacuum},
	year={2011},
}

@article{higgs2,
	year={2014},
	journal={Journal of High Energy Physics},
	eid={79},
	volume={2014},
	number={6},
	doi={10.1007/JHEP06(2014)079},
	title={On the gauge dependence of the Standard Model vacuum instability scale},
	url={http://dx.doi.org/10.1007/JHEP06%282014%29079},
	publisher={Springer Berlin Heidelberg},
	keywords={Higgs Physics; Standard Model},
	author={Di Luzio, L. and Mihaila, L.},
	language={English}
}

@article{jpsiphicms,
	title = "Observation of a peaking structure in the mass spectrum from decays ",
	journal = "Physics Letters B ",
	volume = "734",
	number = "0",
	pages = "261 - 281",
	year = "2014",
	note = "",
	issn = "0370-2693",
	doi = "http://dx.doi.org/10.1016/j.physletb.2014.05.055",
	url = "http://www.sciencedirect.com/science/article/pii/S0370269314003657",
	key = "tagkey2014261"
}

@article{jpsiphicdf,
	  title = {Evidence for a Narrow Near-Threshold Structure in the {J}/$\psi${}$\phi${} Mass Spectrum in {B}+$\rightarrow${}{J}/$\psi${}$\phi${}{K}+ Decays},
	  author = {CDF Collaboration},
	  journal = {Phys. Rev. Lett.},
	  volume = {102},
	  issue = {24},
	  pages = {242002},
	  numpages = {7},
	  year = {2009},
	  month = {Jun},
	  publisher = {American Physical Society},
	  doi = {10.1103/PhysRevLett.102.242002},
	  url = {http://link.aps.org/doi/10.1103/PhysRevLett.102.242002}
}

@article{bquark,
	  title			= {Observation of the Resonant Character of the $Z(4430)^{-}$ State},
	  author 		= {LHCb Collaboration},
	  journal 		= {Phys. Rev. Lett.},
	  volume 		= {112},
	  issue 		= {22},
	  pages 		= {222002},
	  numpages 	= {9},
	  year 		= {2014},
	  month 		= {Jun},
	  publisher 	= {American Physical Society},
	  doi			= {10.1103/PhysRevLett.112.222002},
	  url 			= {http://link.aps.org/doi/10.1103/PhysRevLett.112.222002}
}

@misc{ilc,
	author	= {ILC},
	title		= {The International Linear Collider},
	note 		= {\url{http://www.linearcollider.org/ILC}  [Accessed:2014-7-2]}
}

@article{TBL,
	title		= {World-{W}ide {W}eb:  {T}he {I}nformation {U}niverse},
	author 	= {Berners-Lee, T. and others},
	year		= {1992},
	volume	= {2},
	pages	= {52-58},
	journal	= {Internet Research}
}

@article{WBoson,
	title 		= "Experimental observation of isolated large transverse energy electrons with associated missing energy at s=540 GeV ",
	journal 	= "Physics Letters B ",
	volume 	= "122",
	number 	= "1",
	pages	= "103 - 116",
	year 		= "1983",
	note 		= "",
	issn 		= "0370-2693",
	doi 		= "http://dx.doi.org/10.1016/0370-2693(83)91177-2",
	url 		= "http://www.sciencedirect.com/science/article/pii/0370269383911772",
	author 	= "G. Arnison and others"
}

@article{ZBoson,
	title 		= "Observation of single isolated electrons of high transverse momentum in events with missing transverse energy at the \{CERN\} pp collider ",
	journal 	= "Physics Letters B ",
	volume 	= "122",
	number 	= "5–6",
	pages 	= "476 - 485",
	year 		= "1983",
	note 		= "",
	issn 		= "0370-2693",
	doi 		= "http://dx.doi.org/10.1016/0370-2693(83)91605-2",
	url 		= "http://www.sciencedirect.com/science/article/pii/0370269383916052",
	author 	= "M. Banner and others"
}

@article{currents,
	title = "Observation of neutrino-like interactions without muon or electron in the gargamelle neutrino experiment ",
	journal = "Physics Letters B ",
	volume = "46",
	number = "1",
	pages = "138 - 140",
	year = "1973",
	note = "",
	issn = "0370-2693",
	doi = "http://dx.doi.org/10.1016/0370-2693(73)90499-1",
	url = "http://www.sciencedirect.com/science/article/pii/0370269373904991",
	author = "F.J. Hasert and others"
}



%%%%%%%%%%%%%%%%%%%
%%% 		Chapter 2		 %%%
%%%%%%%%%%%%%%%%%%%

@techreport{accelerators,
      author     	= "Baird, S",
      title         	= "{Accelerators for pedestrians; rev. version}",
      institution   	= "CERN",
      address       = "Geneva",
      number        = "AB-Note-2007-014. CERN-AB-Note-2007-014. PS-OP-Note-95-17-Rev-2. CERN-PS-OP-Note-95-17-Rev-2",
      month         	= "Feb",
      year          	= "2007",
}

@article{beamControl,
      author         	= "Steinhagen, R.J.",
      title          	= "{LHC} Beam Stability and Feedback Control - Orbit and Energy",
      reportNumber   = "CERN-THESIS-2007-058",
      SLACcitation   = "%%CITATION = CERN-THESIS-2007-058 ETC.;%%",
}

@article{kalman,
	author	= "Fruhwirth, R.",
	title		= "{Application of Kalman filtering to track and vertex fitting}",
	journal	= "Nucl.Instrum.Meth.",
	volume	= "A262",
	pages	= "444-450",
	doi		= "10.1016/0168-9002(87)90887-4",
	year           = "1987",
	reportNumber	= "HEPHY-PUB-87-503",
	SLACcitation	= "%%CITATION = NUIMA,A262,444;%%",
}

@article{btagCSV,
      author			= "Chatrchyan, S. and others",
      title			= "{Identification of b-quark jets with the CMS experiment}",
      collaboration	= "CMS Collaboration",
      journal		= "JINST",
      volume		= "8",
      pages			= "P04013",
      doi			= "10.1088/1748-0221/8/04/P04013",
      year			= "2013",
      eprint			= "1211.4462",
      archivePrefix	= "arXiv",
      primaryClass	= "hep-ex",
      reportNumber	= "CMS-BTV-12-001, CERN-PH-EP-2012-262",
      SLACcitation	= "%%CITATION = ARXIV:1211.4462;%%",
}

@article{jesjer,
  author={The CMS collaboration},
  title={Determination of the Jet Energy Scale in {CMS}},
  journal={Journal of Physics: Conference Series},
  volume={404},
  number={1},
  pages={012013},
  url={http://stacks.iop.org/1742-6596/404/i=1/a=012013},
  year={2012},
}

@misc{jesgroup,
	howpublished = {\url{https://twiki.cern.ch/twiki/bin/viewauth/CMS/JetEnergyScale}},
}

@article{particleFlow,
	author	=	{The CMS collaboration},
	title		=	{Determination of jet energy calibration and transverse momentum resolution in {CMS}},
	journal	=	{Journal of Instrumentation},
	volume	=	{6},
	number	=	{11},
	pages	=	{P11002},
	url		=	{http://stacks.iop.org/1748-0221/6/i=11/a=P11002},
	year		=	{2011},
}

%%%%%%%%%%%%%%%%%%%
%%% 		Chapter 3		 %%%
%%%%%%%%%%%%%%%%%%%

@article{aguila,
	author         	= "del Aguila, F. and Aguilar-Saavedra, J.A. and Pittau, R.",
	title          		= "{Heavy neutrino signals at large hadron colliders}",
	journal        	= "JHEP",
	volume         	= "0710",
	pages          	= "047",
	doi            		= "10.1088/1126-6708/2007/10/047",
	year           	= "2007",
	note           	= "",
	eprint         	= "hep-ph/0703261",
	archivePrefix  	= "arXiv",
	primaryClass   	= "hep-ph",
	SLACcitation   	= "%%CITATION = HEP-PH/0703261;%%",
}

@ARTICLE{1987A,
	author 	= {{Bionta}, R.~M. and {Blewitt}, G. and {Bratton}, C.~B. and {Casper}, D. and {Ciocio}, A.},
	title 		= "{Observation of a neutrino burst in coincidence with supernova 1987A in the Large Magellanic Cloud}",
	journal 	= {Physical Review Letters},
	year 		= 1987,
	month 	= apr,
	volume 	= 58,
	pages 	= {1494-1496},
	doi		= {10.1103/PhysRevLett.58.1494},
	adsurl 	= {http://adsabs.harvard.edu/abs/1987PhRvL..58.1494B},
	adsnote 	= {Provided by the SAO/NASA Astrophysics Data System}
}

@book{nMass1,
	AUTHOR  = "Mohapatra, R.N. and Pal, P.B.",
	TITLE    	= "Massive Neutrinos in Physics and Astrophysics",
	publisher 	= "World Scientific Publishing Company",
	year      	= "2004"
}
@book{nMass2,
	title     	="Physics of neutrinos and applications to astrophysics",
	author    	="Fukugita, M. and Yanagida, T.",
	isbn      	="9783540438007",
	lccn      	="2002075782",
	series    	="Texts and monographs in physics",
	year      	="2003",
	publisher 	="Springer"
}

@article{nMass3,
	author     	= "Barger, V. and Marfatia, D. and Whisnant, K.",
	title       	= "Progress in the Physics of Massive Neutrinos",
	journal     	= "Int. J. Mod. Phys. E",
	volume     = "12",
	pages       = "569-647",
	year        	= "2003"
}


@article{nMass4,
	author      	= "Mohapatra, R.N. and Smirnov, A.Y.",
	title       	= "Neutrino Mass and New Physics",
	journal     	= "Annual Review of Nuclear and Particle Science" ,
	volume     = "56",
	year        	= "2006",
	pages       = "569-628"
}

@article{seesaw1,
	author			= "Minkowski, P.",
	title			= "{$\mu \to e \gamma$ at a Rate of One Out of 1-Billion Muon Decays?}",
	journal		= "Phys.Lett.",
	volume		= "B67",
	pages			= "421",
	doi			= "10.1016/0370-2693(77)90435-X",
	year			= "1977",
	reportNumber	= "Print-77-0182 (BERN)",
	SLACcitation	= "%%CITATION = PHLTA,B67,421;%%",
}

@inproceedings{seesaw2,
	author	= "Gell-Mann, M. and Ramond, P. and Slansky, R.",
	booktitle	= "Supergravity: proceedings of the Supergravity Workshop at Stony Brook",
	editor	= "Nieuwenhuizen, P.V. and Freedman, D.Z.",
	publisher	= "North-Holland",
	year		= "1979",
	pages	= "315"
}

@inproceedings{seesaw3,
	author	= "Yanagida, T.",
	bookTitle	= "Proceedings of the Workshop on the Unified Theory and the Baryon Number in the Universe",
	editor	= "Sawada, O. and Sugamoto, A.",
	series	= "",
	year		= "1979",
	publisher	= "National Labratory for High Energy Physics (KEK)",
	pages	= "95"
}

@article{seesaw4,
	author	= "Mohapatra, R. N. and Senjanovic, G.",
	title		= "{Neutrino Mass and Spontaneous Parity Violation}",
	journal	= "Phys.Rev.Lett.",
	volume	= "44",
	pages	= "912",
	doi		= "10.1103/PhysRevLett.44.912",
	year		= "1980",
	reportNumber   = "MDDP-TR-80-060, MDDP-PP-80-105, CCNY-HEP-79-10",
	SLACcitation   = "%%CITATION = PRLTA,44,912;%%",
}

@article{Maj_hadCol_1,
	author	= "Keung, W. and Senjanovic, G.",
	title		= "{Majorana Neutrinos And The Production Of The Right-Handed Charged Gauge Boson}",
	journal	= "Phys.Rev.Lett.",
	volume	= "50",
	pages	= "1427",
	doi		= "10.1103/PhysRevLett.50.1427",
	year		= "1983",
	reportNumber   = "BNL-32872",
	SLACcitation	= "%%CITATION = PRLTA,50,1427;%%",
}

@article{Maj_hadCol_2,
	author	= "Dicus, D. A. and Karatas, D. D. and Roy, P.",
	title		= "{Lepton nonconservation at supercollider energies}",
	journal	= "Phys.Rev.",
	volume	= "D44",
	pages	= "2033-2037",
	doi		= "10.1103/PhysRevD.44.2033",
	year		= "1991",
	reportNumber   = "DOE-ER40200-223",
	SLACcitation   = "%%CITATION = PHRVA,D44,2033;%%",
}

@article{Maj_hadCol_3,
	author	= "Datta, A. and Guchait, M. and Pilaftsis, A.",
	title		= "{Probing lepton number violation via majorana neutrinos at hadron supercolliders}",
	journal	= "Phys.Rev.",
	volume	= "D50",
	pages	= "3195-3203",
	doi		= "10.1103/PhysRevD.50.3195",
	year           = "1994",
	eprint         = "hep-ph/9311257",
	archivePrefix	= "arXiv",
	primaryClass	= "hep-ph",
	reportNumber	= "RAL-93-074",
	SLACcitation	= "%%CITATION = HEP-PH/9311257;%%",
}

@article{Maj_hadCol_4,
	author		= "Almeida, F.M.L., and others",
	title			= "{On a signature for heavy Majorana neutrinos in hadronic collisions}",
	journal		= "Phys.Rev.",
	volume		= "D62",
	pages		= "075004",
	doi			= "10.1103/PhysRevD.62.075004",
	year			= "2000",
	note			= "Latex2e(epsfig), 12 pages, 8 figures, to appear Physical Review D",
	eprint		= "hep-ph/0002024",
	archivePrefix	= "arXiv",
	primaryClass	= "hep-ph",
	SLACcitation	= "%%CITATION = HEP-PH/0002024;%%",
}

@article{Maj_hadCol_5,
	author		= "Panella, O. and Cannoni, M. and Carimalo, C. and Srivastava, Y.N.",
	title			= "{Signals of heavy Majorana neutrinos at hadron colliders}",
	journal		= "Phys.Rev.",
	volume		= "D65",
	pages		= "035005",
	doi			= "10.1103/PhysRevD.65.035005",
	year			= "2002",
	eprint		= "hep-ph/0107308",
	archivePrefix	= "arXiv",
	primaryClass	= "hep-ph",
	SLACcitation	= "%%CITATION = HEP-PH/0107308;%%",
}

@article{NOTETao,
    author		= "Han, T. and Zhang, B.",
      title		= "{Signatures for Majorana neutrinos at hadron colliders}",
      journal	= "Phys.Rev.Lett.",
      volume	= "97",
      pages		= "171804",
      doi		= "10.1103/PhysRevLett.97.171804",
      year		= "2006",
      eprint		= "hep-ph/0604064",
      archivePrefix	= "arXiv",
      primaryClass	= "hep-ph",
      reportNumber	= "MADPH-06-1257",
      SLACcitation	= "%%CITATION = HEP-PH/0604064;%%",}

@article{NOTEATLAS,
     author		= "del Aguila, F. and Aguilar-Saavedra, J.A. and Pittau, R.",
      title		= "{Heavy neutrino signals at large hadron colliders}",
      journal	= "JHEP",
      volume         = "0710",
      pages		= "047",
      doi		= "10.1088/1126-6708/2007/10/047",
      year		= "2007",
      note		= "",
      eprint			= "hep-ph/0703261",
      archivePrefix	= "arXiv",
      primaryClass	= "hep-ph",
      SLACcitation	= "%%CITATION = HEP-PH/0703261;%%",
}

@article{NOTETao2,
      author		= "Atre, A. and others",
      title		= "{The Search for Heavy Majorana Neutrinos}",
      journal	= "JHEP",
      volume         = "0905",
      pages		= "030",
      doi		= "10.1088/1126-6708/2009/05/030",
      year		= "2009",
      eprint		= "0901.3589",
      archivePrefix	= "arXiv",
      primaryClass	= "hep-ph",
      reportNumber	= "FERMILAB-PUB-08-086-T, NSF-KITP-08-54, MADPH-06-1466, DCPT-07-198, IPPP-07-99",
      SLACcitation   = "%%CITATION = ARXIV:0901.3589;%%",
}

@article{delphi,
	author		= "Abreu, P. and others",
	title			= "{Search for neutral heavy leptons produced in Z decays}",
	collaboration	= "DELPHI",
	journal		= "Z.Phys.",
	volume		= "C74",
	pages		= "57-71",
	doi			= "10.1007/s002880050370, 10.1007/s002880050370",
	year			= "1997",
	reportNumber   = "CERN-PPE-96-195",
	SLACcitation	= "%%CITATION = ZEPYA,C74,57;%%",
}

@article{l3,
	author		= "Adriani, O. and others",
	title			= "{Search for isosinglet neutral heavy leptons in Z0 decays}",
      	collaboration  	= "L3",
	journal		= "Phys.Lett.",
	volume		= "B295",
	pages		= "371-382",
	doi			= "10.1016/0370-2693(92)91579-X",
	year			= "1992",
	reportNumber	= "CERN-PPE-92-164",
	SLACcitation	= "%%CITATION = PHLTA,B295,371;%%",
}

@article{CMS_NR_2011,
	author		= "Chatrchyan, S. and others",
	title			= "{Search for heavy Majorana neutrinos in $\mu^+\mu^+[\mu^-\mu^-]$ and $e^+e^+[e^-e^-]$ events in $pp$ collisions at $\sqrt{s} = 7$ TeV}",
	collaboration	= "CMS",
	journal		= "Phys. Lett. B",
	volume		= "717",
	pages		= "109-128",
	doi			= "10.1016/j.physletb.2012.09.012",
	year			= "2012",
	eprint		= "1207.6079",
	archivePrefix	= "arXiv",
	primaryClass	= "hep-ex",
	reportNumber	= "CMS-EXO-11-076, CERN-PH-EP-2012-203",
	SLACcitation	= "%%CITATION = ARXIV:1207.6079;%%",
}

@ARTICLE{ATLAS_NR_2011,
	AUTHOR		= "The {ATLAS} Collaboration",
	TITLE		= "Search for Majorana neutrino production in pp collisions at sqrt(s)=7 TeV in same-sign dimuon final states with the ATLAS detector",
	COLLABORATION = {ATLAS},
	JOURNAL	= "ATLAS Conference Note",
	VOLUME		= "ATLAS-CONF-2012-139",
	YEAR		= "2012"
}

@article{alpgen,
	added-at = {2009-08-18T13:17:51.000+0200},
	author = {Mangano, M. L. and others},
	biburl = {http://www.bibsonomy.org/bibtex/2a760cbc793305cebde643aa6869a49c6/hajadda},
	eprint = {hep-ph/0206293},
	interhash = {61ca0a07d80fb5130f061a04611ccea0},
	intrahash = {a760cbc793305cebde643aa6869a49c6},
	journal = {JHEP},
	keywords = {imported},
	pages = 001,
	slaccitation = {%%CITATION = HEP-PH 0206293;%%},
	timestamp = {2009-08-18T13:17:51.000+0200},
	title = {{ALPGEN, a generator for hard multiparton processes in hadronic collisions}},
	volume = 07,
	year = 2003
}

@unpublished{LHA,
	author    		= "Wahlley, M.R. and Bourilkov, D. and Group, R.C.",
	title     		= "The Les Houches Accord {PDFs} ({LHAPDF}) and {LHAGLUE}",
	year      		= "2005",
	archivePrefix 	= "arXiv",
	primaryclass  	= "hep-ph",
	eprint    		= "0508110"
}

@article{Pythia,
	author         	= "Sjostrand, T. and Mrenna, S. and Skands, P. Z.",
	title          		= "{PYTHIA} 6.4 Physics and Manual",
	journal        	= "JHEP",
	volume        	= "0605",
	pages         	= "026",
	doi            		= "10.1088/1126-6708/2006/05/026",
	year           	= "2006",
	eprint         	= "hep-ph/0603175",
	archivePrefix  	= "arXiv",
	primaryClass   = "hep-ph",
}

@article{Geant4,
	author         	= "S. Agostinelli and J. Allison and K. Amako and J. Apostolakis and H. Araujo and others",
	title         	 	= "{GEANT4: A Simulation toolkit}",
	collaboration  	= "GEANT4",
	journal        	= "Nucl.Instrum.Meth.",
	volume         	= "A506",
	pages          	= "250-303",
	doi            		= "10.1016/S0168-9002(03)01368-8",
	year           	= "2003",
	reportNumber  = "SLAC-PUB-9350, FERMILAB-PUB-03-339",
	SLACcitation   	= "%%CITATION = NUIMA,A506,250;%%",
}

@article{FEWZ1,
	author		= "Gavin, R. and others",
	title			= "{FEWZ 2.0: A code for hadronic Z production at next-to-next-to-leading order}",
	journal		= "Comput. Phys. Commun.",
	volume		= "182",
	pages		= "2388-2403",
	doi			= "10.1016/j.cpc.2011.06.008",
	year			= "2011",
	eprint		= "1011.3540",
	archivePrefix	= "arXiv",
	primaryClass	= "hep-ph",
	reportNumber	= "ANL-HEP-PR-10-60",
	SLACcitation	= "%%CITATION = ARXIV:1011.3540;%%",
}
@article{FEWZ2,
	author		= "Gavin, R. and others",
	title			= "{W Physics at the LHC with FEWZ 2.1}",
	journal		= "Comput. Phys. Commun.",
	volume		= "184",
	pages		= "208-214",
	doi			= "10.1016/j.cpc.2012.09.005",
	year			= "2013",
	eprint		= "1201.5896",
	archivePrefix	= "arXiv",
	primaryClass	= "hep-ph",
	reportNumber	= "ANL-HEP-PR-11-83, NUHEP-TH-12-01, PSI-PR-12-01",
	SLACcitation	= "%%CITATION = ARXIV:1201.5896;%%",
}
@article{CMS_Wp_kfac,
	title = "PDF Uncertainties and K-factor for the $W^\prime$ Search at 8 TeV Collisions",
	author = "Kim, D. and Oh, Y. and Yang, Y. and Lee, J.",
	journal = "{CMS} Note",
	volume  ="AN-2012-172",
	year = "2012"
}

@misc{piet_talk,
	title = "Piet {V}erwilligen's talk at the Muon {POG}",
	howpublished = {\url{http://indico.cern.ch/event/289302/contribution/2/material/slides/0.pdf}},
}

@article{punzi,
	author		= "Punzi, G.",
	title			= "{Sensitivity of searches for new signals and its optimization}",
	year			= "2003",
	volume		= "0308063",
	journal		= "arXiv",
	primaryClass	= "physics",
	SLACcitation	= "%%CITATION = ARXIV:0308063;%%",
}

@article{HiggsToWWToLL,
	author = "W. Andrews and others",
	Title      = "Search For {H}iggs {B}oson Decay to Two {W} Bosons in the Fully Leptonic Final State at $\sqrt{7}$ {T}e{V} with 2011 data with the {CMS} detector",
	journal    = "CMS Note",
	volume     = "AN-2011-147",
	year       = "2011"
}

@article{LepEff,
	title = "Lepton effiencies for the inclusive W cross section measurement with 36.1pb$^{-1}$",
	author = "G. Bauer and J. Bendavid and E. Butz and others",
	journal = "{CMS} Note",
	volume  ="AN-2011-097",
	year = "2011"
}

@article{SUSY_2010,
	title = "Inclusive Search for New Physics with Same-Sign Dileptons using Early {LHC} Data",
	author = " D. Barge and others",
	journal = "{CMS} Note",
	volume  ="AN-2010-247",
	year = "2010"
}

@article{SUSY_2011,
	title = "Search for New Physics with Same-Sign Dileptons using the 2011 Dataset of {CMS}",
	author = "D. Barge and others",
	journal = "{CMS} Note",
	volume  ="AN-2011-258",
	year = "2011"
}

@ARTICLE{MuonPOG,
	AUTHOR			= "The {CMS} Collaboration",
	TITLE			= "Performace of {CMS} muon reconstruction in pp collisions at $\sqrt{s} = 7 TeV$",
	COLLABORATION	= {CMS},
	JOURNAL		= "CMS Physics Analysis Summary",
	VOLUME			= "CMS-PAS-MOU-10-004",
	YEAR			= "2010"
}

@article{PDFUncert,
	author		= "Bourilkov, D. and Group, R. C. and Whalley, M. R.",
	title			= "{LHAPDF: PDF use from the Tevatron to the LHC}",
	year			= "2006",
	eprint		= "hep-ph/0605240",
	archivePrefix	= "arXiv",
	primaryClass	= "hep-ph",
	SLACcitation	= "%%CITATION = HEP-PH/0605240;%%",
}

@ARTICLE{JetUncert,
	AUTHOR		= "J. Berger and D. del Re and R. Eusebi and T. Hauth and I. Iashvili and S. Jain and M. Kaya and O. Kaya and K. Mishra and F. Pandolfi and D. Piparo and G. Quast and P. Schieferdecker and S. Sengupta and M. Voutilainen",
	TITLE		= "Absolute jet energy correction and its uncertainty with $36pb^{-1}$",
	JOURNAL	= "CMS Note",
	VOLUME		= "AN-2011/105",
	YEAR		= "2011"
}

@misc{PU_syst,
	howpublished = {\url{https://twiki.cern.ch/twiki/bin/view/CMS/PileupSystematicErrors}},
}

@article{CMS_WZ,
	author	= "{CMS Collaboration}",
	title		= "Measurement of WZ production rate",
	url		= "http://cds.cern.ch/record/1564318",
	journal	= "CMS Physics Analysis Summary",
	volume	= "{CMS-PAS-SMP-12-006}",
	year		= "2013"
}

@article{CMS_ZZ,
	author		= "Chatrchyan, S. and others",
	title			= "{Measurement of W+W- and ZZ production cross sections in pp collisions at sqrt(s) = 8 TeV}",
	collaboration	= "CMS Collaboration",
	journal		= "Phys. Lett. B",
	volume		= "721",
	pages		= "190-211",
	doi			= "10.1016/j.physletb.2013.03.027",
	year			= "2013",
	eprint		= "1301.4698",
	archivePrefix	= "arXiv",
	primaryClass	= "hep-ex",
	reportNumber	= "CMS-SMP-12-024, CERN-PH-EP-2012-376",
	SLACcitation	= "%%CITATION = ARXIV:1301.4698;%%",
}

@article{fr_method,
	title	 	= "Computing the contamination from fakes in leptonic final states",
	author 	= "Bakhshian, H. and others",
	journal 	= "{CMS} Note",
	volume  	="AN-2010-261",
	year 		= "2010"
}

@article{AN2012-289,
	title		= "Search for Third Generation Scalar Leptoquarks Decaying to Top Quark - Tau Lepton pairs in pp Collisions",
	author	= " Halil, S. and Tully, C. G.",
	journal	= "{CMS} Note",
	volume	="AN-2012-289",
	year		= "2012"
}

@article{rooStats1,
      author         = "Moneta, L. and Belasco, K. and Cranmer, K. S. and Kreiss, S. and Lazzaro, A. and others",
      title          = "{The RooStats Project}",
      journal        = "PoS",
      volume         = "ACAT2010",
      pages          = "057",
      year           = "2010",
      eprint         = "1009.1003",
      archivePrefix  = "arXiv",
      primaryClass   = "physics.data-an",
      SLACcitation   = "%%CITATION = ARXIV:1009.1003;%%",
}

@misc{rooStats2,
	howpublished = {\url{https://twiki.cern.ch/twiki/bin/viewauth/CMS/RooStatsCl95}},
}

@misc{cls95,
	howpublished 	= {\url{http://cds.cern.ch/record/451614/files/open-2000-205.pdf}},
	author		= {Read, A. L.}
}

%%%%%%%%%%%%%%%%%%%
%%% 		Chapter 4		 %%%
%%%%%%%%%%%%%%%%%%%
@Article{kerem,
	author	= "Canko\c{c}ak, K. and others",
	title		= "Radiation-hardness measurements of high OH content quartz fibres irradiated with 24 GeV protons up to 1.25 Grad",
	journal	= "Nuclear Instruments and Methods in Physics Research Section A",
	volume	= "585",
	year		= "2007",
	pages	= "20-27"
}

@misc{fluka,
	author="P.C. Bhat and A.P. Singh and N.V. Mokhov",
	title="MARS simulation for pp at 14 TeV",
	note="\url{http://cmstrk.fnal.gov/radsim/LHC_DoseFlux_Calculator.html}",
	year="2008"
}

@techreport{hfresolution,
      author        		= "Baiatian, G and others",
      title         		= {Design, Performance and Calibration of the {CMS} Forward Calorimeter Wedges},
      institution  		= "CERN",
      collaboration 	= "CMS-HCAL Collaboration",
      address       		= "Geneva",
      number        	= "CMS NOTE 2006 044",
      month         		= "Feb",
      year         		= "2006",
}

@article{,
	author 	= {},
	journal 	= {Physical Review},
	volume 	= {},
	number 	= {},
	pages 	= {},
	year 		= {},
	title 		= {}
}